<record><leader>00000cas a22000007a 4500</leader><controlfield tag="001">22441785</controlfield><controlfield tag="008">900927d18371837maudn ne      0    0eng d</controlfield><datafield ind1=" " ind2=" " tag="010"><subfield code="a">sn 89063321 </subfield></datafield><datafield ind1=" " ind2=" " tag="040"><subfield code="a">MGN</subfield><subfield code="b">eng</subfield><subfield code="c">MGN</subfield><subfield code="d">OCLCQ</subfield></datafield><datafield ind1=" " ind2=" " tag="042"><subfield code="a">msc</subfield></datafield><datafield ind1="0" ind2="0" tag="245"><subfield code="a">New-Bedford evening gazette.</subfield></datafield><datafield ind1=" " ind2=" " tag="260"><subfield code="a">New Bedford, Mass. :</subfield><subfield code="b">J. Allyn &amp; Co.</subfield></datafield><datafield ind1=" " ind2=" " tag="300"><subfield code="a">v.</subfield></datafield><datafield ind1=" " ind2=" " tag="310"><subfield code="a">Daily (except Sun. and Mon.)</subfield></datafield><datafield ind1="0" ind2=" " tag="362"><subfield code="a">Vol. 5, no. 62 (Aug. 22, 1837)-</subfield></datafield><datafield ind1="1" ind2=" " tag="362"><subfield code="a">Ceased in 1837.</subfield></datafield><datafield ind1=" " ind2=" " tag="752"><subfield code="a">United States</subfield><subfield code="b">Massachusetts</subfield><subfield code="c">Bristol</subfield><subfield code="d">New Bedford.</subfield></datafield><datafield ind1="0" ind2="0" tag="780"><subfield code="t">New-Bedford daily gazette</subfield><subfield code="w">(DLC)sn 85033211</subfield></datafield></record>